@misc{gawrychowski,
    title={Optimal Dynamic Strings},
    author={Paweł Gawrychowski and Adam Karczmarz and Tomasz Kociumaka and Jakub Łącki and Piotr Sankowski},
    year={2015},
    eprint={1511.02612},
    archivePrefix={arXiv},
    primaryClass={cs.DS}
}

@article{mehlhorn,
  title={Maintaining dynamic sequences under equality tests in polylogarithmic time},
  author={Mehlhorn, Kurt and Sundar, Rajamani and Uhrig, Christian},
  journal={Algorithmica},
  volume={17},
  number={2},
  pages={183--198},
  year={1997},
  publisher={Springer}
}

@inproceedings{alstrup,
  title={Pattern matching in dynamic texts},
  author={Alstrup, Stephen and Brodal, Gerth St{\o}lting and Rauhe, Theis},
  booktitle={Proceedings of the eleventh annual ACM-SIAM symposium on Discrete algorithms},
  pages={819--828},
  year={2000}
}

@misc{schwartz,
  author = "{Wikipedia contributors}",
  title = "Schwartz–Zippel lemma --- {Wikipedia}{,} The Free Encyclopedia",
  year = "2020",
  url = "https://en.wikipedia.org/w/index.php?title=Schwartz%E2%80%93Zippel_lemma&oldid=974304101",
  note = "[Online; accessed 2-September-2020]"
}